@DocuShare{LDM-563,
  author =       {William O'Mullane and Tim Jenness},
  title =        {Butler Working Group Charge},
  year =         2017,
  month =        aug,
  handle =       {LDM-563},
}
